@book{stephan1995schwingungen,
  title={Schwingungen elastischer Kontinua},
  author={Stephan, Wolfgang and Postl, Rudolf},
  year={1995},
  publisher={Springer}
}

@book{wauer2014kontinuumsschwingungen,
	title={Kontinuumsschwingungen},
	author={Wauer, J{\"o}rg},
	year={2014},
	publisher={Springer}
}

@book{schwarz2013methode,
	title={Methode der finiten Elemente: eine Einf{\"u}hrung unter besonderer Ber{\"u}cksichtigung der Rechenpraxis},
	author={Schwarz, Hans-Rudolf},
	volume={47},
	year={1991},
	publisher={Teubner-Verlag}
}

@book{rust2011nichtlineare,
	title={Nichtlineare finite-elemente-berechnungen},
	author={Rust, Wilhelm},
	year={2011},
	publisher={Springer}
}

@book{heimann2015mechatronik,
	title={MECHATRONIK 4. A.},
	author={HEIMANN., Bodo and Gerth, Wilfried and Popp, Karl},
	year={2015},
	publisher={CARL HANSER Verlag GMBH \&}
}

@book{gross2004technische,
	title={Technische Mechanik 3: Kinetik},
	author={Gross, Dietmar and Hauger, Werner and Schr{\"o}der, J{\"o}rg and Wall, Wolfgang A},
	year={2004},
	publisher={Springer}
}

@book{luenberger1984linear,
	title={Linear and nonlinear programming},
	author={Luenberger, David G and Ye, Yinyu and others},
	volume={2},
	year={1984},
	publisher={Springer}
}

@article{matthies1979solution,
	title={The solution of nonlinear finite element equations},
	author={Matthies, Hermann and Strang, Gilbert},
	journal={International journal for numerical methods in engineering},
	volume={14},
	number={11},
	pages={1613--1626},
	year={1979},
	publisher={Wiley Online Library}
}

@book{steinke2015finite,
	title={Finite-Elemente-Methode: Rechnergest{\"u}tzte Einf{\"u}hrung},
	author={Steinke, Peter},
	year={2015},
	publisher={Springer-Verlag}
}

@book{kattan2010matlab,
	title={MATLAB guide to finite elements: an interactive approach},
	author={Kattan, Peter I},
	year={2010},
	publisher={Springer Science \& Business Media}
}


@article{dossing1989strukturen,
	title={Strukturen pr{\"u}fen Teil 1: Mechanische Beweglichkeits-Messungen},
	author={D{\o}ssing, O},
	journal={Br{\"u}el \& Kj{\ae}r},
	year={1989}
}

@incollection{Kokavecz2010,
	title={Modalanalyse},
	author={Kokavecz, Judith},
	publisher={Springer Berlin Heidelberg},
	pages={499--535},
	crossref ={moser2009messtechnik}
}

@book{moser2009messtechnik,
	titel={Modalanalyse},
	booktitle={Messtechnik der Akustik},
	editor={M{\"o}ser, Michael},
	year={2009},
	publisher={Springer-Verlag}
}

@book{gross2017technische,
	title={Technische Mechanik 2: Elastostatik},
	author={Gross, Dietmar and Hauger, Werner and Schr{\"o}der, J{\"o}rg and Wall, Wolfgang A},
	year={2017},
	publisher={Springer-Verlag}
}

@book{huseynov2015entwicklung,
	title={Entwicklung von Werkzeugsch{\"a}ften f{\"u}r einen Betrieb im {\"u}berkritischen Drehzahlbereich},
	author={Huseynov, Rafig and Hentschel, Bertram},
	year={2015},
	publisher={Shaker}
}